@article{cunningham2022ensembl,
  title={Ensembl 2022},
  author={Cunningham, Fiona and Allen, James E and Allen, Jamie and Alvarez-Jarreta, Jorge and Amode, M Ridwan and Armean, Irina M and Austine-Orimoloye, Olanrewaju and Azov, Andrey G and Barnes, If and Bennett, Ruth and others},
  journal={Nucleic acids research},
  volume={50},
  number={D1},
  pages={D988--D995},
  year={2022},
  publisher={Oxford University Press}
}